<record><leader>00000cas a22000007a 4500</leader><controlfield tag="001">10531445</controlfield><controlfield tag="008">840317d19731974vi wr ne      0   a0eng d</controlfield><controlfield tag="009">3770</controlfield><datafield ind1=" " ind2=" " tag="010"><subfield code="a">sn 84037550 </subfield></datafield><datafield ind1=" " ind2=" " tag="040"><subfield code="a">NVI</subfield><subfield code="b">eng</subfield><subfield code="c">NPV</subfield><subfield code="d">DLC</subfield></datafield><datafield ind1="1" ind2=" " tag="029"><subfield code="a">AU@</subfield><subfield code="b">000025813753</subfield></datafield><datafield ind1=" " ind2=" " tag="042"><subfield code="a">msc</subfield></datafield><datafield ind1="0" ind2="0" tag="245"><subfield code="a">St. Croix herald tribune.</subfield></datafield><datafield ind1="0" ind2="0" tag="246"><subfield code="a">Herald tribune</subfield></datafield><datafield ind1=" " ind2=" " tag="260"><subfield code="a">Christiansted, St. Croix [V.I.] :</subfield><subfield code="b">V.I. News World Inc.,</subfield><subfield code="c">1973-</subfield></datafield><datafield ind1=" " ind2=" " tag="300"><subfield code="a">v. :</subfield><subfield code="b">ill. ;</subfield><subfield code="c">39 cm.</subfield></datafield><datafield ind1=" " ind2=" " tag="310"><subfield code="a">Weekly</subfield></datafield><datafield ind1="0" ind2=" " tag="362"><subfield code="a">Vol. 1, no. 1 (Dec. 6, 1973)-</subfield></datafield><datafield ind1="1" ind2=" " tag="362"><subfield code="a">Ceased with Apr. 4, 1974 issue?</subfield></datafield><datafield ind1=" " ind2=" " tag="520"><subfield code="a">"Journal for the Progress of the People."</subfield></datafield><datafield ind1=" " ind2=" " tag="525"><subfield code="a">Includes supplements.</subfield></datafield><datafield ind1=" " ind2=" " tag="500"><subfield code="a">Editors: Mario N. de Chabert, Paul S.A. Buckmire, Vernon Khelawan, Winifred Oyoko Loving.</subfield></datafield><datafield ind1=" " ind2=" " tag="752"><subfield code="a">United States</subfield><subfield code="b">Virgin Islands</subfield><subfield code="c">Saint Croix</subfield><subfield code="d">Christiansted.</subfield></datafield></record>